@misc{TIOBE2015,
  title = {TIOBE Index for October 2015},
  howpublished = "\url{http://www.tiobe.com/index.php/content/paperinfo/tpci/index.html}",
  year = {2015},
  note = {Retrieved 10.06.2015},
  Author = {TIOBE}
}
@misc{GitHubTrendingLanguages2015,
  author = {GitHub and Alyson La},
  title = {Language Trends on GitHub},
  howpublished = {\url{https://github.com/blog/2047-language-trends-on-github}},
  month = {5},
  year = {2015},
  note = {(Visited on 2015.10.06)}
}
@misc{ProgrLangPopWeb2015,
  author = {Wikipedia},
  title = {Programming languages used in most popular websites - Wikipedia, the free encyclopedia},
  howpublished = {\url{https://en.wikipedia.org/wiki/Programming_languages_used_in_most_popular_websites}},
  year = {2015},
  note = {(Visited on 2015.10.06)}
}
@misc{10msosprojects2012,
  author = {ITworld},
  title = {10 most successful open source projects of 2012 | ITworld},
  howpublished = {\url{http://www.itworld.com/article/2827587/enterprise-software/10-most-successful-open-source-projects-of-2012.html}},
  year = {2012},
  note = {(Visited on 2015.10.06)}
}
@misc{GitHubNumbers2011,
  author = {GitHub and Kyle Neath},
  title = {Those are some big numbers},
  howpublished = {\url{https://github.com/blog/841-those-are-some-big-numbers}},
  year = {2011},
  note = {(Visited on 2015.10.06)}
}
@misc{GitHubApiLimit,
  author = {GitHub},
  title = {GitHub API Limit on Search},
  howpublished = {\url{https://developer.github.com/v3/search/#rate-limit}},
  year = {2015},
  note = {(Visited on 2015.10.06)}
}
@misc{GitHubIssues,
  author = {GitHub and Kyle Neath},
  title = {Issues 2.0: The Next Generation},
  howpublished = {\url{https://github.com/blog/831-issues-2-0-the-next-generation}},
  year = {2007},
  note = {(Visited on 2015.10.07)}
}
@misc{GitHubStargazers,
  author = {GitHub},
  title = {Starring | GitHub API},
  howpublished = {\url{https://developer.github.com/v3/activity/starring/}},
  month = {},
  year = {2015},
  note = {(Visited on 2015.10.07)}
}
@misc{GitHubWatchers,
  author = {GitHub},
  title = {Watching | GitHub API},
  howpublished = {\url{https://developer.github.com/v3/activity/watching/}},
  month = {},
  year = {2015},
  note = {(Visited on 2015.10.07)}
}
@misc{GitHubForks,
  author = {GitHub},
  title = {Forking Projects · GitHub Guides},
  howpublished = {\url{https://guides.github.com/activities/forking/}},
  month = {},
  year = {2014},
  note = {(Visited on 2015.10.07)}
}
@misc{GitHubApi,
  author = {GitHub},
  title = {GitHub API v3},
  howpublished = {\url{https://developer.github.com/v3/}},
  month = {},
  year = {2015},
  note = {(Visited on 2015.10.07)}
}
@misc{Wikipedia_List_of_the_largest_information_technology_companies,
  author = {Wikipedia et al},
  title = {List of the largest information technology companies - Wikipedia, the free encyclopedia},
  howpublished = {\url{https://en.wikipedia.org/wiki/List_of_the_largest_information_technology_companies}},
  month = {2015},
  note = {(Visited on 2015.10.07)}
}
@article{stamelos2002code,
  title={Code quality analysis in open source software development},
  author={Stamelos, Ioannis and Angelis, Lefteris and Oikonomou, Apostolos and Bleris, Georgios L},
  journal={Information Systems Journal},
  volume={12},
  number={1},
  pages={43--60},
  year={2002},
  publisher={Wiley Online Library}
}
@book{loeliger2012version,
  title={Version Control with Git: Powerful tools and techniques for collaborative software development},
  author={Loeliger, Jon and McCullough, Matthew},
  year={2012},
  publisher={" O'Reilly Media, Inc."}
}
@misc{GithubsTopCodingLanguagesShowOpenSourceHasWon:online,
  author = {Cade Metz, wired.com},
  title = {Github's Top Coding Languages Show Open Source Has Won},
  howpublished = {\url{http://www.wired.com/2015/08/github-data-shows-changing-software-landscape/}},
  month = {08},
  year = {2015},
  note = {(Visited on 01/17/2016)}
}
@misc{JavaReignsButGoLanguageSpikesInPopularity:online,
  author = {Paul Krill, InfoWorld},
  title = {Java reigns, but Go language spikes in popularity},
  howpublished = {\url{http://www.infoworld.com/article/2981872/application-development/java-reigns-go-language-spikes-in-popularity.html}},
  month = {09},
  year = {2015},
  note = {(Visited on 01/17/2016)}
}
@misc{ThePopularityOfGo:online,
  author = {Hermann Schaaf},
  title = {The Popularity of Go},
  howpublished = {\url{http://herman.asia/the-popularity-of-go}},
  month = {04},
  year = {2014},
  note = {(Visited on 01/17/2016)}
}
@misc{WhyGooglesProgrammingLanguageCanRivalJava:online,
  author = {Matthew Finnegan},
  title = {Why Google’s programming language can rival Java in the enterprise | Apps | Techworld},
  howpublished = {\url{http://www.techworld.com/apps/why-googles-go-programming-language-could-rival-java-in-enterprise-3626140/}},
  month = {09},
  year = {2015},
  note = {(Visited on 01/17/2016)}
}
@inproceedings{Gousi13,
  author = {Gousios, Georgios},
  title = {The GHTorrent dataset and tool suite},
  booktitle = {Proceedings of the 10th Working Conference on Mining Software
    Repositories},
  series = {MSR '13},
  year = {2013},
  isbn = {978-1-4673-2936-1},
  location = {San Francisco, CA, USA},
  pages = {233--236},
  numpages = {4},
  url = {http://dl.acm.org/citation.cfm?id=2487085.2487132},
  acmid = {2487132},
  publisher = {IEEE Press},
  address = {Piscataway, NJ, USA},
}
@article{shafranovich2005common,
  title={Common format and MIME type for Comma-Separated Values (CSV) files},
  author={Shafranovich, Yakov},
  year={2005}
}
@article{bray2014javascript,
  title={The javascript object notation (json) data interchange format},
  author={Bray, Tim},
  year={2014}
}
@misc{grigorik2012github,
  title={The github archive},
  author={Grigorik, Ilya},
  year={2012},
  publisher={Mar}
}
@book{AnalyzingMillionsOfGitHubCommits:online,
  title = {Analyzing Millions of GitHub Commits},
  howpublished = {\url{https://www.igvita.com/slides/2012/bigquery-github-strata.pdf}},
  month = {10},
  author = {Brian Doll, Ilya Grigorik},
  year = {2012},
  note = {(Accessed on 03/12/2016)}
}
@article{loeliger2006collaborating,
  title={Collaborating with GIT},
  author={Loeliger, Jon},
  journal={Linux Magazine, June},
  year={2006}
}
@misc{TheAmericanWorkdayInOneGraph:online,
  author = {Quoctrung Bui},
  title = {Who's In The Office? The American Workday In One Graph : Planet Money : NPR},
  howpublished = {\url{http://www.npr.org/sections/money/2014/08/27/343415569/whos-in-the-office-the-american-workday-in-one-graph}},
  month = {08},
  year = {2014},
  note = {(Accessed on 03/14/2016)}
}
@book{seber2012linear,
  title={Linear regression analysis},
  author={Seber, George AF and Lee, Alan J},
  volume={936},
  year={2012},
  publisher={John Wiley \& Sons}
}
@misc{agresti2007introduction,
  title={An introduction to categorical data analysis. Hoboken},
  author={Agresti, Alan and others},
  year={2007},
  publisher={NJ: Wiley}
}
