@Book{R_foreign,
  title = {Modern Applied Statistics with S},
  author = {W. N. Venables and B. D. Ripley},
  publisher = {Springer},
  edition = {Fourth},
  address = {New York},
  year = {2002},
  note = {ISBN 0-387-95457-0},
  url = {http://www.stats.ox.ac.uk/pub/MASS4},
}
@Manual{R_MASS,
  title = {foreign: Read Data Stored by Minitab, S, SAS, SPSS, Stata, Systat, Weka,
dBase, ...},
  author = {{R Core Team}},
  year = {2015},
  note = {R package version 0.8-66},
  url = {http://CRAN.R-project.org/package=foreign},
}
@Manual{R_xtable,
  title = {xtable: Export Tables to LaTeX or HTML},
  author = {David B. Dahl},
  year = {2016},
  note = {R package version 1.8-2},
  url = {http://CRAN.R-project.org/package=xtable},
}
@Manual{R_stargazer,
  title = {stargazer: Well-Formatted Regression and Summary Statistics Tables},
  author = {Marek Hlavac},
  year = {2015},
  note = {R package version 5.2},
  organization = {Harvard University},
  address = {Cambridge, USA},
  url = {http://CRAN.R-project.org/package=stargazer},
}
@Manual{R_stringr,
  title = {stringr: Simple, Consistent Wrappers for Common String Operations},
  author = {Hadley Wickham},
  year = {2015},
  note = {R package version 1.0.0},
  url = {http://CRAN.R-project.org/package=stringr},
}
@Article{R_lme4,
  title = {Fitting Linear Mixed-Effects Models Using {lme4}},
  author = {Douglas Bates and Martin M{\"a}chler and Ben Bolker and Steve Walker},
  journal = {Journal of Statistical Software},
  year = {2015},
  volume = {67},
  number = {1},
  pages = {1--48},
  doi = {10.18637/jss.v067.i01},
}
@Book{R_ggplot2,
  author = {Hadley Wickham},
  title = {ggplot2: Elegant Graphics for Data Analysis},
  publisher = {Springer-Verlag New York},
  year = {2009},
  isbn = {978-0-387-98140-6},
  url = {http://ggplot2.org},
}
@Manual{R_scales,
  title = {scales: Scale Functions for Visualization},
  author = {Hadley Wickham},
  year = {2016},
  note = {R package version 0.4.0},
  url = {http://CRAN.R-project.org/package=scales},
}
@Manual{R_xts,
  title = {xts: eXtensible Time Series},
  author = {Jeffrey A. Ryan and Joshua M. Ulrich},
  year = {2014},
  note = {R package version 0.9-7},
  url = {http://CRAN.R-project.org/package=xts},
}
@Manual{R_PerformanceAnalytics,
  title = {PerformanceAnalytics: Econometric tools for performance and risk analysis},
  author = {Brian G. Peterson and Peter Carl},
  year = {2014},
  note = {R package version 1.4.3541},
  url = {http://CRAN.R-project.org/package=PerformanceAnalytics},
}
@Manual{R_TeachingDemos,
  title = {TeachingDemos: Demonstrations for Teaching and Learning},
  author = {Greg Snow},
  year = {2016},
  note = {R package version 2.10},
  url = {http://CRAN.R-project.org/package=TeachingDemos},
}
