@article{rosenkopf2001bottom,
  title={From the bottom up? Technical committee activity and alliance formation},
  author={Rosenkopf, Lori and Metiu, Anca and George, Varghese P},
  journal={Administrative Science Quarterly},
  volume={46},
  number={4},
  pages={748--772},
  year={2001},
  publisher={SAGE Publications}
}
@article{rosenkopf1998coevolution,
  title={The coevolution of community networks and technology: Lessons from the flight simulation industry},
  author={Rosenkopf, Lori and Tushman, Michael L},
  journal={Industrial and Corporate Change},
  volume={7},
  number={2},
  pages={311--346},
  year={1998},
  publisher={Oxford Univ Press}
}
@article{simcoe2006public,
  title={Public and private participation in the development of and governance of the internet. R. Nelson, ed},
  author={Simcoe, R},
  journal={The Limits and Complexities of Market Organization},
  year={2006}
}
@article{fleming2007brokerage,
  title={Brokerage, boundary spanning, and leadership in open innovation communities},
  author={Fleming, Lee and Waguespack, David M},
  journal={Organization science},
  volume={18},
  number={2},
  pages={165--180},
  year={2007},
  publisher={INFORMS}
}
@article{dahlander2005relationships,
  title={Relationships between open source software companies and communities: Observations from Nordic firms},
  author={Dahlander, Linus and Magnusson, Mats G},
  journal={Research policy},
  volume={34},
  number={4},
  pages={481--493},
  year={2005},
  publisher={Elsevier}
}
@misc{piezunka2013study,
  title={A study of organizations' attention to suggestions by externals over time},
  author={Piezunka, HENNING and Dahlander, LINUS},
  year={2013},
  publisher={Stanford University}
}
@article{piller2006toolkits,
  title={Toolkits for idea competitions: a novel method to integrate users in new product development},
  author={Piller, Frank T and Walcher, Dominik},
  journal={r\&D Management},
  volume={36},
  number={3},
  pages={307--318},
  year={2006},
  publisher={Wiley Online Library}
}
@article{jeppesen2010marginality,
  title={Marginality and problem-solving effectiveness in broadcast search},
  author={Jeppesen, Lars Bo and Lakhani, Karim R},
  journal={Organization science},
  volume={21},
  number={5},
  pages={1016--1033},
  year={2010},
  publisher={INFORMS}
}
@article{laursen2006open,
  title={Open for innovation: the role of openness in explaining innovation performance among UK manufacturing firms},
  author={Laursen, Keld and Salter, Ammon},
  journal={Strategic management journal},
  volume={27},
  number={2},
  pages={131--150},
  year={2006},
  publisher={Wiley Online Library}
}
@article{urban1988lead,
  title={Lead user analyses for the development of new industrial products},
  author={Urban, Glen L and Von Hippel, Eric},
  journal={Management science},
  volume={34},
  number={5},
  pages={569--582},
  year={1988},
  publisher={INFORMS}
}
@article{cohen1990absorptive,
  title={Absorptive capacity: A new perspective on learning and innovation},
  author={Cohen, Wesley M and Levinthal, Daniel A},
  journal={Administrative science quarterly},
  pages={128--152},
  year={1990},
  publisher={JSTOR}
}
@article{dahlander2006man,
  title={A man on the inside: Unlocking communities as complementary assets},
  author={Dahlander, Linus and Wallin, Martin W},
  journal={Research Policy},
  volume={35},
  number={8},
  pages={1243--1259},
  year={2006},
  publisher={Elsevier}
}
@book{feller2002understanding,
  title={Understanding open source software development},
  author={Feller, Joseph and Fitzgerald, Brian and others},
  year={2002},
  publisher={Addison-Wesley London}
}
@article{bonaccorsi2006comparing,
  title={Comparing motivations of individual programmers and firms to take part in the open source movement: From community to business},
  author={Bonaccorsi, Andrea and Rossi, Cristina},
  journal={Knowledge, Technology \& Policy},
  volume={18},
  number={4},
  pages={40--64},
  year={2006},
  publisher={Springer}
}
@misc{whatisfreesoftware:online,
  author = {Free Software Foundation},
  title = {What is free software? - GNU Project - Free Software Foundation},
  howpublished = {\url{https://www.gnu.org/philosophy/free-sw.en.html}},
  month = {01},
  year = {2016},
  note = {(Visited on 12/25/2015)}
}
@techreport{wichmann2002free,
  title={Free/libre and open source software: Survey and study (floss), final report, part II: Firms’ open source activities-motivations and policy implications},
  author={Wichmann, Thorsten},
  year={2002},
  institution={Technical report}
}
@article{henkel2006selective,
  title={Selective revealing in open innovation processes: The case of embedded Linux},
  author={Henkel, Joachim},
  journal={Research policy},
  volume={35},
  number={7},
  pages={953--969},
  year={2006},
  publisher={Elsevier}
}
@article{ghosh2007economic,
  title={Economic impact of open source software on innovation and the competitiveness of the Information and Communication Technologies (ICT) sector in the EU},
  author={Ghosh, Rishab Aiyer},
  year={2007},
  publisher={UNU-MERIT}
}
@article{mustonen2003copyleft,
  title={Copyleft—the economics of Linux and other open source software},
  author={Mustonen, Mikko},
  journal={Information Economics and Policy},
  volume={15},
  number={1},
  pages={99--121},
  year={2003},
  publisher={Elsevier}
}
@misc{whyfreesoftwareisbetterthanopensource:online,
  author = {Richard M. Stallman},
  title = {Why “Free Software” is better than “Open Source” - GNU Project - Free Software Foundation},
  howpublished = {\url{https://www.gnu.org/philosophy/free-software-for-freedom.en.html}},
  month = {11},
  year = {2014},
  note = {(Visited on 12/25/2015)}
}
@article{fitzgerald2006transformation,
  title={The transformation of open source software},
  author={Fitzgerald, Brian},
  journal={Mis Quarterly},
  pages={587--598},
  year={2006},
  publisher={JSTOR}
}
@misc{top20oslicenses:online,
  author = {Black Duck, misc},
  title = {Top 20 Open Source Licenses | Black Duck},
  howpublished = {\url{https://www.blackducksoftware.com/resources/data/top-20-open-source-licenses}},
  month = {12},
  year = {2015},
  note = {(Visited on 12/25/2015)}
}
@article{eilhard2009open,
  title={Open source incorporated},
  author={Eilhard, Jan},
  journal={Available at SSRN 1360604},
  year={2009}
}
@article{hippel2003open,
  title={Open source software and the “private-collective” innovation model: Issues for organization science},
  author={Hippel, Eric von and Krogh, Georg von},
  journal={Organization science},
  volume={14},
  number={2},
  pages={209--223},
  year={2003},
  publisher={INFORMS}
}
@misc{licensing2004software,
  title={Software Freedom and Intellectual Property Law, Lawrence Rosen},
  author={Licensing, Open Source},
  year={2004},
  publisher={Prentice Hall PTR}
}
@article{osterloh2007open,
  title={Open source software development—Just another case of collective invention?},
  author={Osterloh, Margit and Rota, Sandra},
  journal={Research Policy},
  volume={36},
  number={2},
  pages={157--171},
  year={2007},
  publisher={Elsevier}
}
@misc{copyleftgnu:online,
  author = {Richard M. Stallmann},
  title = {Copyleft: Pragmatic Idealism - GNU Project - Free Software Foundation},
  howpublished = {\url{https://www.gnu.org/philosophy/pragmatic.en.html}},
  month = {12},
  year = {2015},
  note = {(Visited on 12/25/2015)}
}

@misc{msnet2015os:online,
  author = {Microsoft},
  title = {Announcing .NET 2015 Preview: A New Era for .NET - .NET Blog - Site Home - MSDN Blogs},
  howpublished = {\url{http://blogs.msdn.com/b/dotnet/archive/2014/11/12/announcing-net-2015-preview-a-new-era-for-net.aspx}},
  month = {11},
  year = {2014},
  note = {(Visited on 12/28/2015)}
}

@misc{msmovingtogithub2015:online,
  author = {Kasey Uhlenhuth},
  title = {We're moving to GitHub! - The Visual Basic Team - Site Home - MSDN Blogs},
  howpublished = {\url{http://blogs.msdn.com/b/vbteam/archive/2015/01/10/we-re-moving-to-github.aspx}},
  month = {1},
  year = {2015},
  note = {(Visited on 12/28/2015)}
}

@book{popp2010profit,
  title={Profit from Software Ecosystems: Business Models, Ecosystems and Partnerships in the Software Industry},
  author={Popp, Karl and Meyer, Ralf},
  year={2010},
  publisher={BoD--Books on Demand}
}

@misc{gitlabraises1.5million:online,
  author = {Susan Hall},
  title = {GitLab Raises \$1.5 Million as Code Sharing and Open Source Gains Acceptance - The New Stack},
  howpublished = {\url{http://thenewstack.io/gitlab-raises-1-5-million-as-code-sharing-and-open-source-gains-acceptance/}},
  month = {July},
  year = {2015},
  note = {(Visited on 01/03/2016)}
}
@misc{ownCloudServerOrEnterpriseEdition:online,
  author = {ownCloud},
  title = {ownCloud Server or Enterprise Edition},
  howpublished = {\url{https://owncloud.com/lp/owncloud-server-or-enterprise-edition/}},
  month = {03},
  year = {2016},
  note = {(Accessed on 03/29/2016)}
}
@book{van2014gitlab,
  title={GitLab Cookbook},
  author={Van Baarsen, Jeroen},
  year={2014},
  publisher={Packt Publishing Ltd}
}
@misc{weiss2005real,
  title={Real world open source: The TCO question. Serverwatch},
  author={Weiss, A},
  year={2005}
}
@misc{diycorporatecloudwithowncloud:online,
  author = {Steven J. Vaughan-Nichols},
  title = {Do-it-yourself corporate cloud with ownCloud 6 Enterprise Edition | ZDNet},
  howpublished = {\url{http://www.zdnet.com/article/do-it-yourself-corporate-cloud-with-owncloud-6-enterprise-edition/}},
  month = {3},
  year = {2014},
  note = {(Visited on 01/03/2016)}
}
@article{hawkins2004economics,
  title={The economics of open source software for a competitive firm},
  author={Hawkins, Richard E},
  journal={NETNOMICS: Economic Research and Electronic Networking},
  volume={6},
  number={2},
  pages={103--117},
  year={2004},
  publisher={Springer}
}
@misc{reactnative:online,
  author = {Facebook},
  title = {React Native | A framework for building native apps using React},
  howpublished = {\url{https://facebook.github.io/react-native/}},
  month = {12},
  year = {2015},
  note = {(Visited on 01/03/2016)}
}

@misc{reactnativegithubreadme:online,
  author = {Facebook},
  title = {React Native Readme},
  howpublished = {\url{https://github.com/facebook/react-native/blob/d8e138770f20e6fe5c6ba86840c9ec0d74400011/README.md}},
  month = {01},
  year = {2016},
  note = {(Visited on 01/03/2016)}
}

@phdthesis{eilhard2010tapping,
  title={Tapping into the source: corporate involvement in open source software},
  author={Eilhard, Jan},
  year={2010},
  school={{\'E}cole Nationale Sup{\'e}rieure des Mines de Paris}
}

@misc{reactnativeannouncement:online,
  author = {Tom Occhino},
  title = {React Native: Bringing modern web techniques to mobile | Engineering Blog | Facebook Code},
  howpublished = {\url{https://code.facebook.com/posts/1014532261909640/react-native-bringing-modern-web-techniques-to-mobile/}},
  month = {03},
  year = {2015},
  note = {(Visited on 01/03/2016)}
}

@article{henderson1996scale,
  title={Scale, scope, and spillovers: the determinants of research productivity in drug discovery},
  author={Henderson, Rebecca and Cockburn, Iain},
  journal={The Rand journal of economics},
  pages={32--59},
  year={1996},
  publisher={JSTOR}
}

@article{chesbrough2003logic,
  title={The logic of open innovation: managing intellectual property},
  author={Chesbrough, Henry},
  journal={California Management Review},
  volume={45},
  number={3},
  pages={33--58},
  year={2003},
  publisher={Hass School of Business}
}

@article{von1994sticky,
  title={“Sticky information” and the locus of problem solving: implications for innovation},
  author={Von Hippel, Eric},
  journal={Management science},
  volume={40},
  number={4},
  pages={429--439},
  year={1994},
  publisher={INFORMS}
}
@article{buxmann2008software,
  title={Software as a Service},
  author={Buxmann, Peter and Hess, Thomas and Lehmann, Dipl-Wirtsch-Ing Sonja},
  journal={Wirtschaftsinformatik},
  volume={50},
  number={6},
  pages={500--503},
  year={2008},
  publisher={Springer}
}
@book{chesbrough2006open,
  title={Open innovation: The new imperative for creating and profiting from technology},
  author={Chesbrough, Henry William},
  year={2006},
  publisher={Harvard Business Press}
}
@article{dahlander2010open,
  title={How open is innovation?},
  author={Dahlander, Linus and Gann, David M},
  journal={Research policy},
  volume={39},
  number={6},
  pages={699--709},
  year={2010},
  publisher={Elsevier}
}
@article{bonaccorsi2003licensing,
  title={Licensing schemes in the production and distribution of open source software: An empirical investigation},
  author={Bonaccorsi, Andrea and Rossi Lamastra, Cristina},
  journal={Available at SSRN 432641},
  year={2003}
}

@misc{gartnertabletsales2015:online,
  author = {Gartner},
  title = {Gartner Says Tablet Sales Continue to Be Slow in 2015},
  howpublished = {\url{https://www.gartner.com/newsroom/id/2954317}},
  month = {1},
  year = {2015},
  note = {(Visited on 01/05/2016)}
}

@misc{microsoftosstrategy2008:online,
  author = {Mary Jo Foley},
  title = {Microsoft's open-source strategy: A picture is worth a thousand words | ZDNet},
  howpublished = {\url{http://www.zdnet.com/article/microsofts-open-source-strategy-a-picture-is-worth-a-thousand-words/}},
  month = {01},
  year = {2008},
  note = {(Visited on 01/09/2016)}
}
@misc{MicrosoftWindowsOEMandOfficeRevenueIsDownAsCloudGrows:online,
  author = {Matt Weinberger},
  title = {Microsoft Windows OEM and Office revenue is down as cloud grows - Business Insider},
  howpublished = {\url{http://www.businessinsider.com/microsoft-windows-oem-and-office-revenue-is-down-as-cloud-grows-2015-4?IR=T}},
  month = {04},
  year = {2015},
  note = {(Accessed on 03/13/2016)}
}
@misc{microsoftloveslinuxblog:online,
  author = {Microsoft Windows Server Team},
  title = {Microsoft Loves Linux - Windows Server Blog - Site Home - TechNet Blogs},
  howpublished = {\url{http://blogs.technet.com/b/windowsserver/archive/2015/05/06/microsoft-loves-linux.aspx}},
  month = {5},
  year = {2015},
  note = {(Visited on 01/09/2016)}
}
@techreport{lerner2000simple,
  title={The simple economics of open source},
  author={Lerner, Josh and Triole, Jean},
  year={2000},
  institution={National Bureau of Economic Research}
}

@misc{microsoftchakracoreonline:online,
  author = {Gaurav Seth},
  title = {ChakraCore GitHub repository is now open | Microsoft Edge Dev Blog},
  howpublished = {\url{https://blogs.windows.com/msedgedev/2016/01/13/chakracore-now-open/}},
  month = {01},
  year = {2016},
  note = {(Visited on 01/14/2016)}
}

@misc{deargithub:online,
  author = {James Kyle},
  title = {dear-github/dear-github: An open letter to GitHub from the maintainers of open source projects},
  howpublished = {\url{https://github.com/dear-github/dear-github}},
  month = {01},
  year = {2016},
  note = {(Visited on 01/15/2016)}
}

@misc{stackexchangeusingmitlicenseandcreativecommons:online,
  author = {Sam Brand},
  title = {A New Code License: The MIT, this time with Attribution Required - Meta Stack Exchange},
  howpublished = {\url{https://meta.stackexchange.com/questions/272956/a-new-code-license-the-mit-this-time-with-attribution-required}},
  month = {1},
  year = {2016},
  note = {(Visited on 01/15/2016)}
}
@book{chacon2014pro,
  title={Pro git},
  author={Chacon, Scott and Straub, Ben},
  year={2014},
  publisher={Apress}
}

@misc{github2billionvaluation:online,
  author = {Deborah Gage},
  title = {GitHub Raises \$250 Million at \$2 Billion Valuation - WSJ},
  howpublished = {\url{http://www.wsj.com/articles/github-raises-250-million-at-2-billion-valuation-1438206722}},
  month = {07},
  year = {2015},
  note = {(Visited on 01/17/2016)}
}

@misc{HowGitHubIsConqueringTheCodingWorld:online,
  author = {Jeremy Quittner},
  title = {How GitHub Is Conquering the Coding World},
  howpublished = {\url{http://www.inc.com/jeremy-quittner/github-lands-on-2015-unicorn-list-with-impressive-industry-lead-for-open-source-coding.html}},
  month = {11},
  year = {2015},
  note = {(Visited on 01/17/2016)}
}

@misc{AddSupportForAR5BBU22:online,
  author = {Linus Torvalds},
  title = {Add support for AR5BBU22 [0489:e03c] by WNeZRoS • Pull Request \#17 • torvalds/linux},
  howpublished = {\url{https://github.com/torvalds/linux/pull/17#issuecomment-5654674}},
  month = {05},
  year = {2011},
  note = {(Visited on 01/17/2016)}
}

@misc{10MillionRepositories:online,
  author = {Brian Doll},
  title = {10 Million Repositories},
  howpublished = {\url{https://github.com/blog/1724-10-million-repositories}},
  month = {12},
  year = {2013},
  note = {(Visited on 01/17/2016)}
}

@misc{AboutGitHubPress:online,
  author = {GitHub},
  title = {Press},
  howpublished = {\url{https://github.com/about/press}},
  month = {01},
  year = {2016},
  note = {(Visited on 01/17/2016)}
}
@misc{GitHubDominatesTheForges:online,
  author = {PJ Hyett},
  title = {GitHub Dominates the Forges},
  howpublished = {\url{https://github.com/blog/865-github-dominates-the-forges}},
  month = {06},
  year = {2011},
  note = {(Accessed on 03/27/2016)}
}

@misc{electroncrossplatformapps:online,
  author = {GitHub},
  title = {Electron},
  howpublished = {\url{http://electron.atom.io/}},
  month = {01},
  year = {2016},
  note = {(Visited on 01/18/2016)}
}

@misc{vscodelicense:online,
  author = {Microsoft},
  title = {License - Visual Studio Code},
  howpublished = {\url{https://code.visualstudio.com/License}},
  month = {01},
  year = {2016},
  note = {(Visited on 01/18/2016)}
}

@misc{vscodegithubrepo:online,
  author = {Microsoft},
  title = {Microsoft/vscode - TypeScript},
  howpublished = {\url{https://github.com/microsoft/vscode}},
  month = {01},
  year = {2016},
  note = {(Visited on 01/18/2016)}
}

@misc{MakingGitLabBetterForLargeOpenSourceProjects:online,
  author = {Job van der Voort, GitLab.com},
  title = {Making GitLab Better for Large Open Source Projects},
  howpublished = {\url{https://about.gitlab.com/2016/01/15/making-gitlab-better-for-large-open-source-projects/}},
  month = {1},
  year = {2016},
  note = {(Visited on 01/18/2016)}
}

@misc{IntroducingAtom:online,
  author = {Nathan Sobo},
  title = {Introducing Atom},
  howpublished = {\url{http://blog.atom.io/2014/02/26/introducing-atom.html}},
  month = {02},
  year = {2014},
  note = {(Visited on 01/18/2016)}
}
@misc{AtomIsNowOpenSource:online,
  author = {Nathan Sobo},
  title = {Atom Is Now Open Source},
  howpublished = {\url{http://blog.atom.io/2014/05/06/atom-is-now-open-source.html}},
  month = {05},
  year = {2014},
  note = {(Visited on 01/18/2016)}
}
@misc{AtomV1:online,
  author = {Ben Ogle, GitHub},
  title = {Atom1.0},
  howpublished = {\url{http://blog.atom.io/2015/06/25/atom-1-0.html}},
  month = {06},
  year = {2016},
  note = {(Visited on 01/20/2016)}
}

@misc{MicrosoftLaunchesVisualStudioCode:online,
  author = {Frederic Lardinois, TechCrunch},
  title = {Microsoft Launches Visual Studio Code, A Free Cross-Platform Code Editor For OS X, Linux And Windows},
  howpublished = {\url{http://techcrunch.com/2015/04/29/microsoft-shocks-the-world-with-visual-studio-code-a-free-code-editor-for-os-x-linux-and-windows/}},
  month = {04},
  year = {2015},
  note = {(Visited on 01/18/2016)}
}

@misc{AtomIsJustGettingStarted:online,
  author = {Serdar Yegulalp, InfoWorld},
  title = {Atom at 1.0: GitHub's Node-based editor is just getting started},
  howpublished = {\url{http://www.infoworld.com/article/2940432/development-tools/atom-at-10-githubs-node-based-editor-is-just-getting-started.html}},
  month = {06},
  year = {2015},
  note = {(Visited on 01/18/2016)}
}

@misc{VSCodeIsOpenSource:online,
  author = {Microsoft},
  title = {VS Code is Open Source!},
  howpublished = {\url{https://code.visualstudio.com/updates/vNovember#_vs-code-is-open-source}},
  month = {11},
  year = {2015},
  note = {(Visited on 01/18/2016)}
}

@misc{LinuxFoundationQuietlyDropsCommunityRepresentation:online,
  author = {Matthew Garrett},
  title = {Linux Foundation quietly drops community representation},
  howpublished = {\url{https://mjg59.dreamwidth.org/39546.html}},
  month = {01},
  year = {2016},
  note = {(Visited on 01/21/2016)}
}

@misc{GooglesAndroidGenerates31BillionRevenue:online,
  author = {Joel Rosenblatt, Bloomberg},
  title = {Google's Android Generates \$31 Billion Revenue, Oracle Says},
  howpublished = {\url{http://www.bloomberg.com/news/articles/2016-01-21/google-s-android-generates-31-billion-revenue-oracle-says-ijor8hvt}},
  month = {01},
  year = {2016},
  note = {(Visited on 01/23/2016)}
}

@misc{OracleLawyerSaysGooglesAndroidGenerated31BillionRevenue:online,
  author = {Steve Trousdale, Reuters},
  title = {Oracle lawyer says Google's Android generated \$31 billion revenue},
  howpublished = {\url{http://www.reuters.com/article/us-oracle-google-lawsuit-idUSKCN0UZ2W9}},
  month = {01},
  year = {2016},
  note = {(Visited on 01/23/2016)}
}

@misc{AnnouncingTheAndroid1SDK:online,
  author = {Dan Morrill, Google},
  title = {Announcing the Android 1.0 SDK, release 1},
  howpublished = {\url{http://android-developers.blogspot.de/2008/09/announcing-android-10-sdk-release-1.html}},
  month = {09},
  year = {2008},
  note = {(Visited on 01/23/2016)}
}

@misc{CloudComputingIsATrapWarnsGnuFound:online,
  author = {Bobbie Johnson, The Guardian},
  title = {Cloud computing is a trap, warns GNU founder},
  howpublished = {\url{http://www.theguardian.com/technology/2008/sep/29/cloud.computing.richard.stallman}},
  month = {09},
  year = {2008},
  note = {(Visited on 01/24/2016)}
}

@misc{WhatDoesThatServerReallyServe:online,
  author = {Richard M. Stallman, Boston Review},
  title = {What Does That Server Really Serve?},
  howpublished = {\url{http://www.bostonreview.net/richard-stallman-free-software-DRM}},
  month = {03},
  year = {2010},
  note = {(Visited on 01/24/2016)}
}

@misc{GNUAfferoGeneralPublicLicense:online,
  author = {Free Software Foundation},
  title = {GNU Affero General Public License, Version 3.0 - GNU-Projekt - Free Software Foundation},
  howpublished = {\url{http://www.gnu.org/licenses/agpl-3.0.de.html}},
  month = {11},
  year = {2007},
  note = {(Visited on 01/24/2016)}
}

@misc{OwnCloudAchievesMoreThan100YearOverYearGrowthIn2015:online,
  author = {ownCloud},
  title = {ownCloud Achieves More Than 100\% Year-Over-Year Growth in 2015 - ownCloud},
  howpublished = {\url{https://owncloud.com/owncloud-achieves-more-than-100-year-over-year-growth-in-2015/}},
  month = {01},
  year = {2016},
  note = {(Visited on 01/26/2016)}
}

@article{tarrell2016GenderBiasInOpenSource,
  title={Gender bias in open source: Pull request acceptance of women versus men},
  author={Terrell J, Kofink A et al},
  journal={Information Systems Journal},
  howpublished={PeerJ PrePrints 4:e1733v1 \url{https://doi.org/10.7287/peerj.preprints.1733v1}},
  year={2016}
}

@misc{SageOpenSourceMathematicsCanCompete:online,
  author = {William Stein},
  title = {Sage: Open Source Mathematics Software: Open source is now ready to compete with Mathematica for use in the classroom},
  howpublished = {\url{http://sagemath.blogspot.de/2016/02/open-source-is-now-ready-to-directly.html}},
  month = {02},
  year = {2016},
  note = {(Visited on 02/14/2016)}
}

@misc{GitHubLockIn:online,
  author = {Aurélien Gâteau},
  title = {GitHub lock-in?},
  howpublished = {\url{http://agateau.com/2016/github-lock-in/}},
  month = {02},
  year = {2016},
  note = {(Accessed on 02/20/2016)}
}

@book{laurent2004understanding,
  title={Understanding open source and free software licensing},
  author={Laurent, Andrew M St},
  year={2004},
  publisher={O'Reilly Media, Inc.}
}

@article{von2005democratizing,
  title={Democratizing innovation},
  author={Von Hippel, Eric A},
  year={2005},
  publisher={MIT Press, Cambridge, MA, April}
}
@inproceedings{tsay2014influence,
  title={Influence of social and technical factors for evaluating contribution in GitHub},
  author={Tsay, Jason and Dabbish, Laura and Herbsleb, James},
  booktitle={Proceedings of the 36th international conference on Software engineering},
  pages={356--366},
  year={2014},
  organization={ACM}
}
@article{piller2012social,
  title={From social media to social product development: the impact of social media on co-creation of innovation},
  author={Piller, Frank T and Vossen, Alexander and Ihl, Christoph},
  journal={Die Unternehmung},
  volume={65},
  number={1},
  year={2012}
}
@article{bonaccorsi2003open,
  title={Why open source software can succeed},
  author={Bonaccorsi, Andrea and Rossi, Cristina},
  journal={Research policy},
  volume={32},
  number={7},
  pages={1243--1258},
  year={2003},
  publisher={Elsevier}
}
@misc{ballmerlinuxcancer:online,
  author = {Thomas C. Greene},
  title = {Ballmer: "Linux is a cancer"},
  howpublished = {\url{http://www.theregister.co.uk/2001/06/02/ballmer_linux_is_a_cancer/}},
  month = {06},
  year = {2001},
  note = {(Accessed on 03/20/2016)}
}
@misc{mixingosandproprietarysoftware:online,
  author = {Julia Hanna},
  title = {Mixing Open Source and Proprietary Software Strategies},
  howpublished = {\url{http://hbswk.hbs.edu/item/mixing-open-source-and-proprietary-software-strategies}},
  month = {01},
  year = {2010},
  note = {(Accessed on 03/20/2016)}
}
@article{west2003open,
  title={How open is open enough?: Melding proprietary and open source platform strategies},
  author={West, Joel},
  journal={Research policy},
  volume={32},
  number={7},
  pages={1259--1285},
  year={2003},
  publisher={Elsevier}
}
@article{lerner2002some,
  title={Some simple economics of open source},
  author={Lerner, Josh and Tirole, Jean},
  journal={The journal of industrial economics},
  volume={50},
  number={2},
  pages={197--234},
  year={2002},
  publisher={Wiley Online Library}
}
@book{olson2009logic,
  title={The logic of collective action},
  author={Olson, Mancur},
  volume={124},
  year={2009},
  publisher={Harvard University Press}
}
@article{alexy2012managing,
  title={Managing unsolicited ideas for R\&D},
  author={Alexy, Oliver and Criscuolo, Paola and Salter, Ammon},
  journal={California Management Review},
  volume={54},
  number={3},
  pages={116--139},
  year={2012},
  publisher={University of California Press Journals}
}
@article{hill2009idea,
  title={Idea sets: conceptualizing and measuring a new unit of analysis in entrepreneurship research},
  author={Hill, Susan A and Birkinshaw, Julian M},
  journal={Organizational research methods},
  year={2009},
  publisher={SAGE Publications}
}
@article{katila2002something,
  title={Something old, something new: A longitudinal study of search behavior and new product introduction},
  author={Katila, Riitta and Ahuja, Gautam},
  journal={Academy of management journal},
  volume={45},
  number={6},
  pages={1183--1194},
  year={2002},
  publisher={Academy of Management}
}
@article{shane2000prior,
  title={Prior knowledge and the discovery of entrepreneurial opportunities},
  author={Shane, Scott},
  journal={Organization science},
  volume={11},
  number={4},
  pages={448--469},
  year={2000},
  publisher={INFORMS}
}
@article{gruber2008look,
  title={Look before you leap: Market opportunity identification in emerging technology firms},
  author={Gruber, Marc and MacMillan, Ian C and Thompson, James D},
  journal={Management Science},
  volume={54},
  number={9},
  pages={1652--1665},
  year={2008},
  publisher={INFORMS}
}
@book{surowiecki2005wisdom,
  title={The wisdom of crowds},
  author={Surowiecki, James},
  year={2005},
  publisher={Anchor}
}
@article{afuah2012crowdsourcing,
  title={Crowdsourcing as a solution to distant search},
  author={Afuah, Allan and Tucci, Christopher L},
  journal={Academy of Management Review},
  volume={37},
  number={3},
  pages={355--375},
  year={2012},
  publisher={Academy of Management}
}
@article{von1986lead,
  title={Lead users: a source of novel product concepts},
  author={Von Hippel, Eric},
  journal={Management science},
  volume={32},
  number={7},
  pages={791--805},
  year={1986},
  publisher={INFORMS}
}
@article{dahlander2014open,
  title={Open to suggestions: How organizations elicit suggestions through proactive and reactive attention},
  author={Dahlander, Linus and Piezunka, Henning},
  journal={Research Policy},
  volume={43},
  number={5},
  pages={812--827},
  year={2014},
  publisher={Elsevier}
}
@article{hertel2003motivation,
  title={Motivation of software developers in Open Source projects: an Internet-based survey of contributors to the Linux kernel},
  author={Hertel, Guido and Niedner, Sven and Herrmann, Stefanie},
  journal={Research policy},
  volume={32},
  number={7},
  pages={1159--1177},
  year={2003},
  publisher={Elsevier}
}
@inproceedings{hars2001working,
  title={Working for free? Motivations of participating in open source projects},
  author={Hars, Alexander and Ou, Shaosong},
  booktitle={System Sciences, 2001. Proceedings of the 34th Annual Hawaii International Conference on},
  pages={9--pp},
  year={2001},
  organization={IEEE}
}
@article{lakhani2002boston,
  title={The boston consulting group hacker survey},
  author={Lakhani, K and Wolf, Bob and Bates, Jeff and DiBona, Chris},
  journal={Boston, The Boston Consulting Group},
  year={2002}
}
@misc{raymond2001cathedral,
  title={The cathedral and the bazaar-musings on Linux and open source by an accidental revoltionary (rev. ed.).},
  author={Raymond, Eric S},
  year={2001},
  publisher={O'reilly Beijing}
}
@article{von1976dominant,
  title={The dominant role of users in the scientific instrument innovation process},
  author={Von Hippel, Eric},
  journal={Research policy},
  volume={5},
  number={3},
  pages={212--239},
  year={1976},
  publisher={Elsevier}
}
@article{waguespack2004penguins,
  title={Penguins, camels, and other birds of a feather: The emergence of leaders in open innovation communities},
  author={Waguespack, David M and Fleming, Lee},
  journal={Retrieved on January},
  volume={28},
  pages={2004},
  year={2004}
}
@article{west2008role,
  title={The role of participation architecture in growing sponsored open source communities},
  author={West, Joel and O'mahony, Siobh{\'a}n},
  journal={Industry and Innovation},
  volume={15},
  number={2},
  pages={145--168},
  year={2008},
  publisher={Taylor \& Francis}
}
@inproceedings{vasilescu2013stackoverflow,
  title={StackOverflow and GitHub: Associations between software development and crowdsourced knowledge},
  author={Vasilescu, Bogdan and Filkov, Vladimir and Serebrenik, Alexander},
  booktitle={Social Computing (SocialCom), 2013 International Conference on},
  pages={188--195},
  year={2013},
  organization={IEEE}
}
@inproceedings{dabbish2012social,
  title={Social coding in GitHub: transparency and collaboration in an open software repository},
  author={Dabbish, Laura and Stuart, Colleen and Tsay, Jason and Herbsleb, Jim},
  booktitle={Proceedings of the ACM 2012 conference on Computer Supported Cooperative Work},
  pages={1277--1286},
  year={2012},
  organization={ACM}
}
@inproceedings{thung2013network,
  title={Network structure of social coding in github},
  author={Thung, Ferdian and Bissyand{\'e}, Tegawend{\'e} F and Lo, Daniel and Jiang, Lingxiao},
  booktitle={Software Maintenance and Reengineering (CSMR), 2013 17th European Conference on},
  pages={323--326},
  year={2013},
  organization={IEEE}
}
@article{krishnamurthy2016peripheral,
  title={Peripheral Developer Participation in Open Source Projects: An Empirical Analysis},
  author={Krishnamurthy, Rajiv and Jacob, Varghese and Radhakrishnan, Suresh and Dogan, Kutsal},
  journal={ACM Transactions on Management Information Systems (TMIS)},
  volume={6},
  number={4},
  pages={14},
  year={2016},
  publisher={ACM}
}
@article{o2007web,
  title={What is Web 2.0: Design patterns and business models for the next generation of software},
  author={O'reilly, Tim},
  journal={Communications \& strategies},
  number={1},
  pages={17},
  year={2007}
}
@article{west2006challenges,
  title={Challenges of open innovation: the paradox of firm investment in open-source software},
  author={West, Joel and Gallagher, Scott},
  journal={R\&d Management},
  volume={36},
  number={3},
  pages={319--331},
  year={2006},
  publisher={Wiley Online Library}
}
@book{hilbe2009logistic,
  title={Logistic regression models},
  author={Hilbe, Joseph M},
  year={2009},
  publisher={CRC Press}
}
@book{berry2008copy,
  title={Copy, rip, burn: The politics of copyleft and open source},
  author={Berry, David M},
  year={2008},
  publisher={Pluto Press}
}
@misc{GooglesIronGripOnAndroid:online,
  author = {Ron Amadeo},
  title = {Google's iron grip on Android: Controlling open source by any means necessary},
  howpublished = {\url{http://arstechnica.com/gadgets/2013/10/googles-iron-grip-on-android-controlling-open-source-by-any-means-necessary/}},
  month = {10},
  year = {2013},
  note = {(Accessed on 03/26/2016)}
}
@misc{OracleSinksItsClawsIntoAndroid:online,
  author = {Andreas Gal},
  title = {Oracle sinks its claws into Android},
  howpublished = {\url{http://andreasgal.com/2016/01/05/oracle-sinks-its-claws-into-android/}},
  month = {01},
  year = {2016},
  note = {(Accessed on 03/26/2016)}
}
@misc{SunOracleAndroidGoogleAndJDKCopyleftFUD:online,
  author = {Bradley M. Kuhn},
  title = {Sun, Oracle, Android, Google and JDK Copyleft FUD},
  howpublished = {\url{http://ebb.org/bkuhn/blog/2016/01/05/jdk-in-android.html}},
  month = {01},
  year = {2016},
  note = {(Accessed on 03/26/2016)}
}
@misc{IntroducingGitHubEnterprise:online,
  author = {Zach Holman},
  title = {Introducing GitHub Enterprise},
  howpublished = {\url{https://github.com/blog/978-introducing-github-enterprise}},
  month = {11},
  year = {2011},
  note = {(Accessed on 03/27/2016)}
}
@misc{GitHubCEOAndCo-FounderChrisWanstrathKeynoting:online,
  author = {Kristina Weis},
  title = {GitHub CEO and Co-Founder Chris Wanstrath Keynoting Esri’s DevSummit!},
  howpublished = {\url{https://blogs.esri.com/esri/arcgis/2014/02/10/github-ceo-and-co-founder-chris-wanstrath-keynoting-esris-devsummit/}},
  month = {02},
  year = {2014},
  note = {(Accessed on 03/27/2016)}
}
@misc{HowGitHubConqueredGoogleMicrosoftAndEveryoneElse:online,
  author = {Cade Metz},
  title = {How GitHub Conquered Google, Microsoft, and Everyone Else},
  howpublished = {\url{http://www.wired.com/2015/03/github-conquered-google-microsoft-everyone-else/}},
  month = {12},
  year = {2015},
  note = {(Accessed on 03/27/2016)}
}
@article{reifman2007microsoft,
  title={Microsoft’s Sacred Cash Cow},
  author={Reifman, Jeff},
  year={2007}
}
@misc{AtomReachesOneMillionActiveUsers:online,
  author = {Lee Dohm},
  title = {Atom Reaches One Million Active Users},
  howpublished = {\url{http://blog.atom.io/2016/03/28/atom-reaches-1m-users.html}},
  month = {03},
  year = {2016},
  note = {(Accessed on 03/29/2016)}
}


@misc{IveJustLiberatedMyModules:online,
  author = {Azer Koçulu},
  title = {I’ve Just Liberated My Modules},
  howpublished = {\url{https://medium.com/@azerbike/i-ve-just-liberated-my-modules-9045c06be67c#.8ox036r7i}},
  month = {03},
  year = {2016},
  note = {(Accessed on 03/23/2016)}
}
@misc{KikLeftPadAndNPM:online,
  author = {Isaac Schlueter},
  title = {kik, left-pad, and npm},
  howpublished = {\url{http://blog.npmjs.org/post/141577284765/kik-left-pad-and-npm}},
  month = {03},
  year = {2016},
  note = {(Accessed on 03/24/2016)}
}
